@article{Selvaraju2020,
    title = {{Grad-CAM: Visual Explanations from Deep Networks via Gradient-Based Localization}},
    year = {2020},
    journal = {International Journal of Computer Vision},
    author = {Selvaraju, Ramprasaath R. and Cogswell, Michael and Das, Abhishek and Vedantam, Ramakrishna and Parikh, Devi and Batra, Dhruv},
    number = {2},
    pages = {336--359},
    volume = {128},
    doi = {10.1007/s11263-019-01228-7},
    issn = {15731405},
    arxivId = {1610.02391},
    keywords = {Explanations, Grad-CAM, Interpretability, Transparency, Visual explanations, Visualizations}
}

@misc{Brownlee2019HowNetworks,
    title = {{How to Visualize Filters and Feature Maps in Convolutional Neural Networks}},
    year = {2019},
    booktitle = {Machine Learning Mastery},
    author = {Brownlee, Jason},
    url = {https://machinelearningmastery.com/how-to-visualize-filters-and-feature-maps-in-convolutional-neural-networks/}
}

@article{Hu2020Squeeze-and-ExcitationNetworks,
    title = {{Squeeze-and-Excitation Networks}},
    year = {2020},
    journal = {IEEE Transactions on Pattern Analysis and Machine Intelligence},
    author = {Hu, Jie and Shen, Li and Albanie, Samuel and Sun, Gang and Wu, Enhua},
    number = {8},
    pages = {2011--2023},
    volume = {42},
    doi = {10.1109/TPAMI.2019.2913372},
    issn = {19393539},
    pmid = {31034408},
    arxivId = {1709.01507},
    keywords = {Squeeze-and-excitation, attention, convolutional neural networks, image representations}
}