@article{Selvaraju2020,
    title = {{Grad-CAM: Visual Explanations from Deep Networks via Gradient-Based Localization}},
    year = {2020},
    journal = {International Journal of Computer Vision},
    author = {Selvaraju, Ramprasaath R. and Cogswell, Michael and Das, Abhishek and Vedantam, Ramakrishna and Parikh, Devi and Batra, Dhruv},
    number = {2},
    pages = {336--359},
    volume = {128},
    doi = {10.1007/s11263-019-01228-7},
    issn = {15731405},
    arxivId = {1610.02391},
    keywords = {Explanations, Grad-CAM, Interpretability, Transparency, Visual explanations, Visualizations}
}